<record><leader>00000cas a22000007a 4500</leader><controlfield tag="001">20475231</controlfield><controlfield tag="008">891011d19761976mouwr ne      0    0eng d</controlfield><datafield ind1=" " ind2=" " tag="010"><subfield code="a">sn 89067299 </subfield></datafield><datafield ind1=" " ind2=" " tag="040"><subfield code="a">MQN</subfield><subfield code="b">eng</subfield><subfield code="c">MQN</subfield><subfield code="d">OCLCQ</subfield></datafield><datafield ind1=" " ind2=" " tag="042"><subfield code="a">msc</subfield></datafield><datafield ind1="0" ind2="4" tag="245"><subfield code="a">The Holts Summit progress.</subfield></datafield><datafield ind1=" " ind2=" " tag="260"><subfield code="a">Holts Summit, Mo. :</subfield><subfield code="b">Mark Paul,</subfield><subfield code="c">1976.</subfield></datafield><datafield ind1=" " ind2=" " tag="300"><subfield code="a">v.</subfield></datafield><datafield ind1="1" ind2=" " tag="362"><subfield code="a">Began in 1976.</subfield></datafield><datafield ind1="0" ind2=" " tag="362"><subfield code="a">-v. 1, no. 29 (Dec. 23, 1976).</subfield></datafield><datafield ind1=" " ind2=" " tag="500"><subfield code="a">Coverage includes: New Bloomfield, Mo.</subfield></datafield><datafield ind1=" " ind2=" " tag="515"><subfield code="a">Issue for Dec. 23, 1976 is followed by unnumbered, undated issue which constitutes final issue.</subfield></datafield><datafield ind1=" " ind2=" " tag="588"><subfield code="a">Description based on: Vol. 1, no. 21 (Oct. 28, 1976).</subfield></datafield><datafield ind1=" " ind2=" " tag="752"><subfield code="a">United States</subfield><subfield code="b">Missouri</subfield><subfield code="c">Callaway</subfield><subfield code="d">Holts Summit.</subfield></datafield><datafield ind1=" " ind2=" " tag="752"><subfield code="a">United States</subfield><subfield code="b">Missouri</subfield><subfield code="c">Callaway</subfield><subfield code="d">New Bloomfield.</subfield></datafield><datafield ind1="1" ind2=" " tag="029"><subfield code="a">AU@</subfield><subfield code="b">000025867450</subfield></datafield></record>